% Encoding: UTF-8

@Book{goos07,
  author    = {Goossens, M. and Rahtz, S. and Mittelbach, F.},
  title     = {The {\LaTeX{}} graphics companion},
  edition   = {2},
  language  = {english},
  publisher = {Addison-Wesley Reading, MA},
  langid    = {spanish},
  year      = {2007},
}

@Book{lamport94,
  author    = {Lamport, L.},
  title     = {{\LaTeX}: A document preparation system},
  edition   = {2},
  language  = {english},
  publisher = {Addison-Wesley},
  langid    = {spanish},
  year      = {1994},
}

@WWW{salido10,
  author       = {Jesús Salido},
  title        = {Curso: {\LaTeX{}} esencial para preparación de TFG, Tesis y otros documentos académicos},
  url          = {http://visilab.etsii.uclm.es/?page_id=1468},
  language     = {spanish},
  organization = {Universidad de Castilla-La Mancha},
  urldate      = {2017-02-12},
  howpublished = {Apuntes de la {UCLM}},
  langid       = {spanish},
  year         = {2010},
}

@WWW{wikibookLaTex10,
  author   = {WikiMedia},
  title    = {{\LaTeX{} Wikibook}},
  url      = {http://en.wikibooks.org/wiki/LaTeX},
  language = {english},
  urldate  = {2017-02-02},
  langid   = {spanish},
  year     = {2010},
}

@Book{cascales03,
  author    = {B. Cascales and P. Lucas},
  title     = {El Libro de {\LaTeX}},
  isbn      = {9788420537795},
  language  = {spanish},
  publisher = {Pearson Education},
  langid    = {spanish},
  year      = {2005},
}

@Manual{oetiker14,
  author    = {Tobias Oetiker and Hubert Partl and Irene Hyna and Elisabeth Schlegl},
  title     = {La introducción no-tan-corta a {\LaTeX2e}},
  language  = {spanish},
  url       = {http://www.ctan.org/tex-archive/info/lshort/spanish/},
  version   = {5.03},
  langid    = {spanish},
  timestamp = {2021-02-24},
  year      = {2014},
}

@Book{borbon21,
  author       = {Alexánder Borbón and Walter Mora},
  title        = {Edición de textos científicos con {\LaTeX{}}. {C}omposición, diseño editorial, gráficos, {I}nkscape, {T}ikz y presentaciones {B}eamer},
  edition      = {2},
  editor       = {{Revista Digital Matemática, Educación e Internet}},
  isbn         = {978-9977-66-227-5},
  language     = {spanish},
  origlanguage = {Spanish},
  publisher    = {Instituto Tecnológico de Costa Rica},
  url          = {https://tecdigital.tec.ac.cr/revistamatematica/Libros/LaTeX/MoraW_BorbonA_LibroLaTeX.pdf},
  langid       = {spanish},
  timestamp    = {2021-04-14},
  year         = {2021},
}

@WWW{zozaya17,
  author    = {Leonor Zozaya},
  title     = {Redacción de textos. Recomendaciones para presentar trabajos académicos},
  url       = {http://redaccion.hypotheses.org/},
  language  = {spanish},
  note      = {{ISSN}: 2444-8885},
  urldate   = {2019-06-21},
  langid    = {spanish},
  timestamp = {2021-04-08},
  year      = {2017},
}

@WWW{dawson00,
  author   = {Christian W. Dawson and Gregorio Martín},
  editor   = {Universitat de València},
  title    = {El proyecto en ingeniería informática: Una guía para el estudiante},
  url      = {http://informatica.uv.es/iiguia/2000/IPI/libro.htm},
  language = {spanish},
  urldate  = {2019-07-15},
  langid   = {spanish},
  year     = {2000},
}

@Electronic{unican18,
  author   = {{Universidad de Cantabria}},
  editor   = {Universidad de Cantabria},
  title    = {Cómo usar imágenes en trabajos},
  url      = {https://web.unican.es/buc/Documents/Formacion/guia_imagenes.pdf},
  language = {spanish},
  urldate  = {2019-07-15},
  langid   = {spanish},
  year     = {2018},
}

@WWW{oceja00,
  author    = {Jorge Oceja and Raúl Luna and Pascual Barberán},
  editor    = {Ministerio de Educación},
  title     = {Creación, reutilización y difusión de contenidos},
  url       = {http://www.riate.org/version/v1/recursos/cursolicenciasnavegable/index.html},
  language  = {spanish},
  subtitle  = {Elaborado para la Red Iberoamericana de TIC y Educación (RIATE) y el Instituto de Tecnologías Educativas (ITE)},
  urldate   = {2019-07-18},
  langid    = {spanish},
  timestamp = {2020-05-25},
  year      = {2000},
}

@Book{dawson02,
  author    = {Dawson, Christian and Martín, Gregorio},
  date      = {2002},
  title     = {El proyecto fin de carrera en ingeniería informática : una guía para el estudiante},
  isbn      = {8420535605},
  language  = {spanish},
  location  = {Madrid},
  publisher = {Prentice Hall},
  langid    = {spanish},
  timestamp = {2021-04-08},
}

@Book{goos04,
  author    = {Goossens, M. and Mittelbach, F. and Samarin, A.},
  date      = {2004},
  title     = {The {\LaTeX{}} companion},
  edition   = {2},
  language  = {english},
  publisher = {Addison-Wesley Reading, MA},
  langid    = {spanish},
  owner     = {Jesus.Salido},
  timestamp = {2021-04-08},
}

@Book{grat07,
  author    = {Grätzer, G.A.},
  date      = {2007},
  title     = {More math into {\LaTeX}},
  edition   = {4},
  language  = {english},
  publisher = {Birkhauser},
  langid    = {spanish},
  owner     = {Jesus.Salido},
  timestamp = {2021-04-08},
}

@Book{grat99,
  author    = {Grätzer, G.A.},
  date      = {1999},
  title     = {First steps in {\LaTeX}},
  edition   = {1},
  language  = {english},
  publisher = {Springer Verlag},
  langid    = {spanish},
  owner     = {Jesus.Salido},
  timestamp = {2021-04-08},
}

@WWW{uc3m21,
  author    = {Varios},
  date      = {2021-03-15},
  editor    = {{Universidad Carlos III de Madrid}},
  title     = {Guía temática del {TFG}},
  url       = {https://uc3m.libguides.com/TFG},
  language  = {spanish},
  urldate   = {2021-04-08},
  langid    = {spanish},
  timestamp = {2021-04-08},
}

@WWW{overleaf21,
  author    = {Overleaf},
  date      = {2021},
  title     = {Overleaf knowledge base},
  url       = {https://www.overleaf.com/learn},
  language  = {english},
  urldate   = {2021-04-14},
  langid    = {spanish},
  timestamp = {2021-04-14},
}

@Comment{jabref-meta: databaseType:biblatex;}
